http://ieeexplore.ieee.org/xpl/downloadCitations


@INPROCEEDINGS{histMetrics,
	author={K. Meshgi and S. Ishii},
	booktitle={2015 14th IAPR International Conference on Machine Vision
		Applications (MVA)},
	title={Expanding histogram of colors with gridding to improve tracking
		accuracy},
	year={2015},
	pages={475-479},
	doi={10.1109/MVA.2015.7153234},
	month={May}
}

@misc{ucr_lpfilter,
	title 			= {lpfilter.m},
	author			=	{UC Regina},
	publisher		=	{Department of Computer Science, UC Regina},
	institution	=	{UC Regina},
	note				=	{Checked 2016.12.12,
		\url{http://www.cs.uregina.ca/Links/class-info/425-nova/Lab5/M-Functions/lpfilter.m}}
}
@misc{ucr_hpfilter,
	title 			= {hpfilter.m},
	author			=	{UC Regina},
	publisher		=	{Department of Computer Science, UC Regina},
	institution	=	{UC Regina},
	note				=	{Checked 2016.12.12,
		\url{http://www.cs.uregina.ca/Links/class-info/425-nova/Lab5/M-Functions/hpfilter.m}}
}
@misc{ucr_dftuv,
	title 			= {dftuv.m},
	author			=	{UC Regina},
	publisher		=	{Department of Computer Science, UC Regina},
	institution	=	{UC Regina},
	note				=	{Checked 2016.12.12,
		\url{http://www.cs.uregina.ca/Links/class-info/425-nova/Lab5/M-Functions/dftuv.m}}
}

@misc{git,
	title				= {Project Github Repository},
	author			= {Magnus {\O}verb{\o}},
	publisher		= {github.com},
	note				= {\url{https://github.com/Magnus1990P/imt4305/}}
}

@book{fip,
	title={Digital Image processing},
	edition={3rd},
	author={Rafael C. Gonzalez, Richard E. Woods},
	publisher={Pearson Prentice Hall},
	year={2008},
	isbn = {978-0-13-168728-8}

}
